2774 5130
296 230 370 305 394
582 226 680 301 xm.
721 224 1171 307 ANnuorocoNusu

295 412 566 494 plumoso-pilosa,
590 409 774 489 praesertim
789 409 890 470 basina
909 428 1041 485 versus,
1070 409 1178 487 glunic
1195 412 1237 491 trip'

294 498 387 577 plova
405 496 538 574 longior.
580 495 728 574 Spiculae
754 494 910 553 masculae
931 494 1158 575 pedicellataep
1181 496 1237 575 pedi

293 580 544 659 bermapbrodito
564 578 689 637 dimidio
707 576 914 653 brevioribus,
935 578 1193 658 albo-plumacia:
1221 582 1237 639 G

295 666 441 741 ceolatae,
470 664 685 743 subaequales,
710 662 846 741 glabrae,
874 664 1014 739 margine
1037 663 1182 737 scabrac3
1201 664 1237 725 iri

295 749 462 824 bidentata,
472 748 555 807 inter
566 748 673 806 dentes
680 748 1019 807 mucronato-cristata.
1038 746 1155 807 Paleas
1164 748 1237 811 tenu

294 833 473 907 brauaceae,
490 831 633 890 muticae.
659 831 808 911 Spiculac
823 834 950 891 neutrae
970 833 1013 891 ad
1032 832 1137 893 basim
1149 830 1237 893 domi

296 917 354 977 diti
379 916 506 977 sessiles
527 916 660 996 ipsoque
681 916 808 975 dimidio
829 914 1001 991 breviores,
1030 917 1109 997 pilia
1135 914 1235 977 crelris

296 995 492 1061 vesce'utibus
510 999 646 1059 cinctaea
677 1000 806 1059 Glumae
827 1001 915 1075 duae,
935 1000 1145 1076 lanceolatae,
1166 1020 1237 1061 acu·

295 1088 463 1159 eeseeutes,
484 1082 625 1161 glabram
649 1085 793 1163 superior
812 1084 945 1143 tenuior.
986 1084 1109 1144 Paleas
1132 1084 1229 1145 nullae.

295 1166 437 1227 dicellata
454 1170 491 1225 ut
511 1168 543 1225 iu
557 1166 853 1247 Andropogouibus,
872 1169 927 1227 sed
944 1168 1173 1248 depauperata,
1191 1190 1237 1249 eq

293 1251 558 1331 hermaphrodita,
584 1252 688 1311 sensili
714 1256 747 1310 et
773 1250 895 1311 duabus
919 1253 1074 1313 masculis
1106 1252 1237 1332 pedicelli

294 1336 372 1410 sitap
399 1334 575 1415 pedunculo
599 1336 824 1415 sesquilineari,
854 1337 1078 1413 adscendente,
1100 1338 1237 1417 teretip‘

294 1420 365 1479 cula
381 1418 631 1499 bermapbrodita
651 1424 684 1479 et
711 1420 865 1480 masculae
890 1420 983 1499 plane
1005 1424 1047 1481 ut
1068 1422 1103 1481 in
1123 1421 1237 1505 spicas

295 1504 403 1582 script.
422 1505 589 1563 secuudum
611 1505 780 1583 specimina
798 1503 998 1582 flumboldl.)

292 1632 366 1697 838.
384 1634 672 1696 ANTllISTIRIA
686 1653 829 1699 ronioss
843 1638 949 1701 Herod.
960 1638 1077 1699 ethl.
1093 1638 1229 1721 (Agros.

378 1754 482 1813 Culmi
508 1754 618 1829 erecti,
646 1758 777 1830 teretes,
806 1754 915 1832 glabri,
943 1756 1072 1833 quadri·
1099 1754 1151 1814 vel
1180 1756 1237 1835 quir

294 1838 381 1917 apice
402 1837 621 1911 ramosissimi3
644 1839 771 1897 ramulis
793 1838 991 1913 abbreviatis,
1016 1838 1237 1919 approximatis

294 1922 649 2001 semitereliiriquetris.
682 1922 772 1982 Folia
792 1923 929 1999 linearia,
948 1922 1055 2002 plana,
1078 1924 1203 1999 striata,
1219 1924 1237 1983 ri

294 2026 355 2085 quc
373 2007 570 2086 margiueque
593 2006 789 2083 scaberrima,
818 2007 955 2086 pedalia3
983 2009 1157 2087 superiora
1177 2008 1237 2067 rubr

294 2090 377 2151 caria
394 2095 426 2149 et
447 2091 597 2149 breviora.
629 2091 767 2168 vaginae
789 2092 929 2166 strictae,
949 2091 1118 2151 inferiores
1140 2092 1237 2153 disten*

293 2174 480 2234 virescentes
500 2178 532 2233 et
553 2174 682 2254 pilosae,
710 2176 810 2234 rarius
832 2175 970 2253 glabrae,
999 2176 1128 2235 interne
1148 2176 1237 2255 fan

293 2258 369 2317 brae
389 2262 422 2317 et
445 2259 576 2332 nitidam
604 2260 782 2337 superiores
807 2259 877 2319 basi
899 2259 1039 2338 glabrae,
1068 2260 1164 2340 apice
1188 2262 1237 2321 seri

294 2344 326 2401 iu
347 2342 454 2401 folium
476 2342 569 2401 breve
593 2343 784 2420 desinentes,
808 2345 906 2419 laxae,
934 2344 1134 2422 longitudine
1159 2346 1237 2405 fere·

293 2446 432 2487 summae
452 2426 714 2507 piloso-sericeas,
739 2430 884 2507 utrinque
904 2429 1108 2504 virescentes,
1131 2432 1231 2509 spicas

294 2531 410 2590 easque
428 2510 679 2589 subsequentes..
709 2513 820 2591 Ligula
837 2513 989 2589 elongata,
1017 2517 1179 2589 truncata,
1206 2514 1237 2591 gl

293 2595 393 2673 girrea,
411 2596 462 2653 vix
482 2596 594 2659 eiliata.
633 2597 747 2674 Spirae
767 2596 1003 2677 subquaternae,
1022 2598 1219 2678 inaequales,

292 2680 349 2753 lis,
380 2680 517 2759 reliquae
545 2679 680 2739 breviter
707 2682 922 2760 pedicellatae,
952 2701 1060 2739 omnes
1089 2682 1237 2761 peduncul

292 2764 465 2823 suffultae·
488 2764 687 2823 Pedunculus
710 2767 880 2824 communis
901 2766 1155 2845 semipollicaris,
1186 2770 1237 2825 ten

291 2849 480 2907 adscendens
502 2851 533 2906 et
554 2847 622 2906 basi
643 2850 754 2927 spatha
774 2851 956 2909 instructus.
999 2850 1124 2928 Spatba
1143 2853 1237 2909 linear

291 2934 473 3007 acuminata,
496 2935 619 2991 externe
638 2935 792 2992 virescens
811 2938 843 2993 et
860 2935 1108 3014 sericeo-pilosa,
1130 2936 1237 2994 interm

291 3022 323 3077 et
348 3018 470 3095 glabra,
497 3017 671 3095 pedunculo
700 3018 795 3096 duplo
821 3020 953 3095 longior.
996 3019 1169 3096 Spicarum
1197 3041 1237 3098 pe

289 3104 368 3160 duae
394 3121 523 3180 prorsus
544 3105 581 3158 ut
608 3103 695 3179 spica
724 3104 905 3180 pedicellata
923 3103 1132 3162 Antbistiriae
1155 3105 1237 3163 rellei

291 3190 341 3243 tae
362 3188 445 3260 sunt,
474 3184 565 3243 tertia
586 3189 689 3243 autem
713 3188 817 3265 spicae
844 3188 947 3247 sessili
974 3187 1120 3265 ejusdem
1143 3192 1237 3269 specii

290 3269 392 3327 locum
413 3289 485 3326 vero
507 3269 642 3346 spiculae
665 3276 792 3349 quartae
811 3273 951 3330 neutrius
973 3272 1097 3331 obtinet
1125 3273 1237 3351 herma}

290 3356 367 3414 tera.
393 3354 488 3432 Spica
510 3353 629 3412 sessilis
650 3375 782 3433 prorsus
800 3360 837 3415 ut
859 3358 891 3415 in
909 3356 1165 3434 Andropogoues
1194 3360 1237 3437 Sp

289 3438 556 3516 hermaphroditae
580 3459 711 3517 quarum
731 3441 868 3500 inferiori
890 3441 1010 3519 spicula
1034 3442 1141 3517 unica,
1166 3463 1237 3521 supe

288 3521 337 3581 lae
358 3523 435 3580 duae
464 3523 617 3580 masculae
643 3525 841 3601 pedicellatae
861 3544 995 3582 annexae
1017 3528 1104 3589 sunt.
1153 3529 1237 3585 Struv

288 3607 404 3682 larum,
431 3608 595 3685 pedunculi
622 3610 655 3665 et
682 3610 824 3688 pedicelli
853 3611 956 3666 eadem
986 3629 1022 3666 ac
1045 3609 1078 3667 iu
1108 3611 1237 3670 Anthist

288 3691 460 3769 (Descript.
482 3693 649 3750 secundum
671 3695 838 3770 specimina
855 3692 1050 3766 llumboldt.)

372 3776 423 3833 An
445 3777 564 3854 species
585 3778 770 3855 praecedens
798 3776 836 3835 ab
866 3777 924 3835 bac
951 3782 1072 3836 tantum
1097 3783 1204 3839 aetate
1230 3784 1237 3837 t

290 3858 427 3919 stincia?

288 3986 362 4052 839.
395 3990 682 4055 ANTHlSTlRlA
701 4010 942 4057 nsuuouvacns
951 3992 1053 4053 Roob.
1075 3996 1225 4079 (Agros.

373 4110 502 4169 Culmus
522 4112 608 4190 apice
626 4111 1065 4186 fasciculato·ramosissimus,
1080 4112 1238 4190 foliosus3

288 4193 340 4269 tis,
361 4196 832 4274 compressiuseulo-teretibus,
861 4195 1001 4254 adlatus
1022 4196 1163 4258 interius
1186 4202 1237 4280 pla

288 4277 422 4354 glabris3
448 4281 574 4338 ramulis
593 4281 738 4341 floriferis
758 4280 965 4355 filiformibus,
991 4281 1129 4357 geminis
1155 4286 1206 4343 vel
1231 4294 1237 4341 1

288 4364 424 4440 pressis,
450 4364 686 4442 glabriuseulis,
722 4363 1009 4445 l·2·pollicaribus,
1033 4387 1138 4447 supra
1169 4370 1237 4429 med
